% Report-Template.bib
% 
% This bib file contains the data that will make the reference list on the final report.
% It uses BibTeX, so make sure that you compile the TeX file with with a LaTeX version that includes a 
% BibTeX compiler
% 

% You can use the article template provided below that contains common article tags:

@article{dummy,
  title={{L}orem {I}psum},
  author={Printer, Uknown},
  year={1500},
}

% Or use a tool, like the Cite button on Google Scholar Results to get accurate BibTex code quickly.